@incollection{ref:01,
    author = {Berger, M.J. and Hubbell, J.H. and Seltzer, S.M. and Chang, J. and Coursey, J.S. and Sukumar, R. and Zucker, D.S. and Olsen, K.},
    title = {XCOM: Photon Cross Sections Database},
    publisher = {NIST, PLM, Radiation Physics Division},
    year = {2010},
    booktitle = {NIST Standard Reference Database 8 (XGAM)},
    chapter = {Copper},
    url = {https://physics.nist.gov/cgi-bin/Xcom/xcom3_1},
}
